%%%%%%%%%%%%%%%%%																		%%%%%%%%%%%%%%%%%
%%%%%%%%%%%%%%%%%		Chapter 3 START		%%%%%%%%%%%%%%%%%
%%%%%%%%%%%%%%%%%																		%%%%%%%%%%%%%%%%%
@book{mohri2018foundations,
	title        = {Foundations of machine learning},
	author       = {Mohri, Mehryar and Rostamizadeh, Afshin and Talwalkar, Ameet},
	year         = 2018
}
@book{richardsutton2018,
	title        = {Reinforcement Learning: An Introduction (Adaptive Computation and Machine Learning series)},
	author       = {Richard S. Sutton},
	year         = 2018,
	month        = nov,
	publisher    = {A Bradford Book},
	isbn         = {0262039249},
	url          = {https://www.xarg.org/ref/a/0262039249/},
	description  = {Reinforcement Learning: An Introduction (Adaptive Computation and Machine Learning series) (Book, 2018)},
	interhash    = {43d72b9b2e4d2658016e5c6320c6b425},
	intrahash    = {7d6a7ff98dd4f1d4be00a0548da93a4a}
}
@misc{silver2020RL,
	title        = {{Lecture 1: Introduction to Reinforcement Learning}},
	author       = {Silver, David},
	year         = 2020,
	month        = mar,
	note         = {(Accessed on 07/22/2020)},
	url = {https://www.davidsilver.uk/wp-content/uploads/2020/03/intro_RL.pdf}
}
@misc{silver2020MDP,
	title        = {{Lecture 2: Markov Decision Processes}},
	author       = {Silver, David},
	year         = 2020,
	month        = mar,
	note         = {(Accessed on 07/22/2020)},
	url = {https://www.davidsilver.uk/wp-content/uploads/2020/03/MDP.pdf}
}
@article{2019arXiv191211370K,
	title        = {{Big Transfer (BiT): General Visual Representation Learning}},
	author       = {{Kolesnikov}, Alexander and {Beyer}, Lucas and {Zhai}, Xiaohua and {Puigcerver}, Joan and {Yung}, Jessica and {Gelly}, Sylvain and {Houlsby}, Neil},
	year         = 2019,
	month        = dec,
	journal      = {arXiv e-prints},
	pages        = {arXiv:1912.11370},
	keywords     = {Computer Science - Computer Vision and Pattern Recognition, Computer Science - Machine Learning},
	eid          = {arXiv:1912.11370},
	archiveprefix = {arXiv},
	eprint       = {1912.11370},
	primaryclass = {cs.CV},
	adsurl       = {https://ui.adsabs.harvard.edu/abs/2019arXiv191211370K},
	adsnote      = {Provided by the SAO/NASA Astrophysics Data System}
}
@article{2018arXiv180300933H,
	title        = {{Distributed Prioritized Experience Replay}},
	author       = {{Horgan}, Dan and {Quan}, John and {Budden}, David and {Barth-Maron}, Gabriel and {Hessel}, Matteo and {van Hasselt}, Hado and {Silver}, David},
	year         = 2018,
	month        = mar,
	journal      = {arXiv e-prints},
	pages        = {arXiv:1803.00933},
	keywords     = {Computer Science - Machine Learning},
	eid          = {arXiv:1803.00933},
	archiveprefix = {arXiv},
	eprint       = {1803.00933},
	primaryclass = {cs.LG},
	adsurl       = {https://ui.adsabs.harvard.edu/abs/2018arXiv180300933H},
	adsnote      = {Provided by the SAO/NASA Astrophysics Data System}
}
@misc{openai2019solving,
    title={{Solving Rubik's Cube with a Robot Hand}},
    author={OpenAI and Ilge Akkaya and Marcin Andrychowicz and Maciek Chociej and Mateusz Litwin and Bob McGrew and Arthur Petron and Alex Paino and Matthias Plappert and Glenn Powell and Raphael Ribas and Jonas Schneider and Nikolas Tezak and Jerry Tworek and Peter Welinder and Lilian Weng and Qiming Yuan and Wojciech Zaremba and Lei Zhang},
    year={2019},
    eprint={1910.07113},
    archivePrefix={arXiv},
    primaryClass={cs.LG}
}
@misc{tobin2017domain,
    title={{Domain Randomization for Transferring Deep Neural Networks from Simulation to the Real World}},
    author={Josh Tobin and Rachel Fong and Alex Ray and Jonas Schneider and Wojciech Zaremba and Pieter Abbeel},
    year={2017},
    eprint={1703.06907},
    archivePrefix={arXiv},
    primaryClass={cs.RO}
}
@article{2013arXiv1312.5602M,
	title        = {{Playing Atari with Deep Reinforcement Learning}},
	author       = {{Mnih}, Volodymyr and {Kavukcuoglu}, Koray and {Silver}, David and {Graves}, Alex and {Antonoglou}, Ioannis and {Wierstra}, Daan and {Riedmiller}, Martin},
	year         = 2013,
	month        = dec,
	journal      = {arXiv e-prints},
	pages        = {arXiv:1312.5602},
	keywords     = {Computer Science - Machine Learning},
	eid          = {arXiv:1312.5602},
	archiveprefix = {arXiv},
	eprint       = {1312.5602},
	primaryclass = {cs.LG},
	adsurl       = {https://ui.adsabs.harvard.edu/abs/2013arXiv1312.5602M},
	adsnote      = {Provided by the SAO/NASA Astrophysics Data System}
}
@article{2017arXiv171002298H,
	title        = {{Rainbow: Combining Improvements in Deep Reinforcement Learning}},
	author       = {{Hessel}, Matteo and {Modayil}, Joseph and {van Hasselt}, Hado and {Schaul}, Tom and {Ostrovski}, Georg and {Dabney}, Will and {Horgan}, Dan and {Piot}, Bilal and {Azar}, Mohammad and {Silver}, David},
	year         = 2017,
	month        = oct,
	journal      = {arXiv e-prints},
	pages        = {arXiv:1710.02298},
	keywords     = {Computer Science - Artificial Intelligence, Computer Science - Machine Learning},
	eid          = {arXiv:1710.02298},
	archiveprefix = {arXiv},
	eprint       = {1710.02298},
	primaryclass = {cs.AI},
	adsurl       = {https://ui.adsabs.harvard.edu/abs/2017arXiv171002298H},
	adsnote      = {Provided by the SAO/NASA Astrophysics Data System}
}
@article{Krizhevsky2012,
	title        = {ImageNet Classification with Deep Convolutional Neural Networks},
	author       = {Krizhevsky, Alex and Sutskever, Ilya and Hinton, Geoffrey},
	year         = 2012,
	month        = {01},
	journal      = {Neural Information Processing Systems},
	volume       = 25,
	pages        = {},
	doi          = {10.1145/3065386}
}
@article{2017arXiv170104143B,
	title        = {{Vulnerability of Deep Reinforcement Learning to Policy Induction Attacks}},
	author       = {{Behzadan}, Vahid and {Munir}, Arslan},
	year         = 2017,
	month        = jan,
	journal      = {arXiv e-prints},
	pages        = {arXiv:1701.04143},
	keywords     = {Computer Science - Machine Learning, Computer Science - Artificial Intelligence},
	eid          = {arXiv:1701.04143},
	archiveprefix = {arXiv},
	eprint       = {1701.04143},
	primaryclass = {cs.LG},
	adsurl       = {https://ui.adsabs.harvard.edu/abs/2017arXiv170104143B},
	adsnote      = {Provided by the SAO/NASA Astrophysics Data System}
}
@article{Mnih2015,
	title        = {Human-level control through deep reinforcement learning},
	author       = {Mnih, Volodymyr and Kavukcuoglu, Koray and Silver, David and Rusu, Andrei A. and Veness, Joel and Bellemare, Marc G. and Graves, Alex and Riedmiller, Martin and Fidjeland, Andreas K. and Ostrovski, Georg and Petersen, Stig and Beattie, Charles and Sadik, Amir and Antonoglou, Ioannis and King, Helen and Kumaran, Dharshan and Wierstra, Daan and Legg, Shane and Hassabis, Demis},
	year         = 2015,
	month        = feb,
	day          = {01},
	journal      = {Nature},
	volume       = 518,
	number       = 7540,
	pages        = {529--533},
	doi          = {10.1038/nature14236},
	issn         = {1476-4687},
	url          = {https://doi.org/10.1038/nature14236},
	abstract     = {An artificial agent is developed that learns to play a diverse range of classic Atari 2600 computer games directly from sensory experience, achieving a performance comparable to that of an expert human player; this work paves the way to building general-purpose learning algorithms that bridge the divide between perception and action.}
}
@article{2016arXiv160201783M,
	title        = {{Asynchronous Methods for Deep Reinforcement Learning}},
	author       = {{Mnih}, Volodymyr and {Puigdom{\`e}nech Badia}, Adri{\`a} and {Mirza}, Mehdi and {Graves}, Alex and {Lillicrap}, Timothy P. and {Harley}, Tim and {Silver}, David and {Kavukcuoglu}, Koray},
	year         = 2016,
	month        = feb,
	journal      = {arXiv e-prints},
	pages        = {arXiv:1602.01783},
	keywords     = {Computer Science - Machine Learning},
	eid          = {arXiv:1602.01783},
	archiveprefix = {arXiv},
	eprint       = {1602.01783},
	primaryclass = {cs.LG},
	adsurl       = {https://ui.adsabs.harvard.edu/abs/2016arXiv160201783M},
	adsnote      = {Provided by the SAO/NASA Astrophysics Data System}
}
@article{2017arXiv171206567P,
	title        = {{Deep Neuroevolution: Genetic Algorithms Are a Competitive Alternative for Training Deep Neural Networks for Reinforcement Learning}},
	author       = {{Petroski Such}, Felipe and {Madhavan}, Vashisht and {Conti}, Edoardo and {Lehman}, Joel and {Stanley}, Kenneth O. and {Clune}, Jeff},
	year         = 2017,
	month        = dec,
	journal      = {arXiv e-prints},
	pages        = {arXiv:1712.06567},
	keywords     = {Computer Science - Neural and Evolutionary Computing, Computer Science - Machine Learning},
	eid          = {arXiv:1712.06567},
	archiveprefix = {arXiv},
	eprint       = {1712.06567},
	primaryclass = {cs.NE},
	adsurl       = {https://ui.adsabs.harvard.edu/abs/2017arXiv171206567P},
	adsnote      = {Provided by the SAO/NASA Astrophysics Data System}
}
@article{2017arXiv170303864S,
	title        = {{Evolution Strategies as a Scalable Alternative to Reinforcement Learning}},
	author       = {{Salimans}, Tim and {Ho}, Jonathan and {Chen}, Xi and {Sidor}, Szymon and {Sutskever}, Ilya},
	year         = 2017,
	month        = mar,
	journal      = {arXiv e-prints},
	pages        = {arXiv:1703.03864},
	keywords     = {Statistics - Machine Learning, Computer Science - Artificial Intelligence, Computer Science - Machine Learning, Computer Science - Neural and Evolutionary Computing},
	eid          = {arXiv:1703.03864},
	archiveprefix = {arXiv},
	eprint       = {1703.03864},
	primaryclass = {stat.ML},
	adsurl       = {https://ui.adsabs.harvard.edu/abs/2017arXiv170303864S},
	adsnote      = {Provided by the SAO/NASA Astrophysics Data System}
}
%%%%%%%%%%%%%%%%%								%%%%%%%%%%%%%%%%%
%%%%%%%%%%%%%%%%%		SC2 START		%%%%%%%%%%%%%%%%%
%%%%%%%%%%%%%%%%%								%%%%%%%%%%%%%%%%%
@misc{blizzard2010sales,
	title        = {{StarCraft{\textsuperscript{\textregistered}} II: Wings of Liberty{\texttrademark} One-Month Sales Break 3 Million Mark}},
	year         = 2010,
	month        = sep,
	journal      = {Activision Blizzard, Inc.},
	publisher    = {Business Wire},
	note         = {(Accessed on 06/22/2020)},
	url          = {https://investor.activision.com/news-releases/news-release-details/starcraftr-ii-wings-liberty153-one-month-sales-break-3-million}
}
@misc{alphastarblog,
	title        = {{AlphaStar: Mastering the Real-Time Strategy Game StarCraft II}},
	author       = {Vinyals, Oriol and Babuschkin, Igor and Chung, Junyoung and Mathieu, Michael and Jaderberg, Max and Czarnecki, Wojtek and Dudzik, Andrew and Huang, Aja and Georgiev, Petko and Powell, Richard and Ewalds, Timo and Horgan, Dan and Kroiss, Manuel and Danihelka, Ivo and Agapiou, John and Oh, Junhyuk and Dalibard, Valentin and Choi, David and Sifre, Laurent and Sulsky, Yury and Vezhnevets, Sasha and Molloy, James and Cai, Trevor and Budden, David and Paine, Tom and Gulcehre, Caglar and Wang, Ziyu and Pfaff, Tobias and Pohlen, Toby and Yogatama, Dani and Cohen, Julia and McKinney, Katrina and Smith, Oliver and Schaul, Tom and Lillicrap, Timothy and Apps, Chris and Kavukcuoglu, Koray and Hassabis, Demis and Silver, David},
	year         = 2019,
	url = {https://deepmind.com/blog/alphastar-mastering-real-time-strategy-game-starcraft-ii/}
}
@misc{xlnqeniuz_2015,
	title        = {{Starcraft 2: A beginners guide!}},
	author       = {xlnqeniuz},
	year         = 2015,
	month        = nov,
	journal      = {reddit},
  note         = {(Accessed on 07/09/2020)},
	url          = {https://www.reddit.com/r/starcraft/comments/3s424k/starcraft_2_a_beginners_guide/}
}
@misc{blizzard_starcraft,
	title        = {{Game - StarCraft II Official Game Site}},
	journal      = {StarCraft II},
	note         = {(Accessed on 07/09/2020)},
	url          = {https://starcraft2.com/en-us/game}
}
@misc{starcraft_wiki_versus,
	title        = {{Versus | StarCraft Wiki | Fandom}},
	year         = 2015,
	month        = mar,
	journal      = {StarCraft Wiki},
	note         = {(Accessed on 07/09/2020)},
	url          = {https://starcraft.fandom.com/wiki/Versus}
}
@article{2017arXiv170804782V,
	title        = {{StarCraft II: A New Challenge for Reinforcement Learning}},
	author       = {{Vinyals}, Oriol and {Ewalds}, Timo and {Bartunov}, Sergey and {Georgiev}, Petko and {Sasha Vezhnevets}, Alexander and {Yeo}, Michelle and {Makhzani}, Alireza and {K{\"u}ttler}, Heinrich and {Agapiou}, John and {Schrittwieser}, Julian and {Quan}, John and {Gaffney}, Stephen and {Petersen}, Stig and {Simonyan}, Karen and {Schaul}, Tom and {van Hasselt}, Hado and {Silver}, David and {Lillicrap}, Timothy and {Calderone}, Kevin and {Keet}, Paul and {Brunasso}, Anthony and {Lawrence}, David and {Ekermo}, Anders and {Repp}, Jacob and {Tsing}, Rodney},
	year         = 2017,
	month        = aug,
	journal      = {arXiv e-prints},
	pages        = {arXiv:1708.04782},
	keywords     = {Computer Science - Machine Learning, Computer Science - Artificial Intelligence},
	eid          = {arXiv:1708.04782},
	archiveprefix = {arXiv},
	eprint       = {1708.04782},
	primaryclass = {cs.LG},
	adsurl       = {https://ui.adsabs.harvard.edu/abs/2017arXiv170804782V},
	adsnote      = {Provided by the SAO/NASA Astrophysics Data System}
}
@article{Vinyals2019,
	title        = {Grandmaster level in {StarCraft} {II} using multi-agent reinforcement learning},
	author       = {Oriol Vinyals and Igor Babuschkin and Wojciech M. Czarnecki and Michaël Mathieu and Andrew Dudzik and Junyoung Chung and David H. Choi and Richard Powell and Timo Ewalds and Petko Georgiev and Junhyuk Oh and Dan Horgan and Manuel Kroiss and Ivo Danihelka and Aja Huang and Laurent Sifre and Trevor Cai and John P. Agapiou and Max Jaderberg and Alexander S. Vezhnevets and R{\'{e}}mi Leblond and Tobias Pohlen and Valentin Dalibard and David Budden and Yury Sulsky and James Molloy and Tom L. Paine and Caglar Gulcehre and Ziyu Wang and Tobias Pfaff and Yuhuai Wu and Roman Ring and Dani Yogatama and Dario W\"{u}nsch and Katrina McKinney and Oliver Smith and Tom Schaul and Timothy Lillicrap and Koray Kavukcuoglu and Demis Hassabis and Chris Apps and David Silver},
	year         = 2019,
	month        = oct,
	journal      = {Nature},
	publisher    = {Springer Science and Business Media {LLC}},
	volume       = 575,
	number       = 7782,
	pages        = {350--354},
	doi          = {10.1038/s41586-019-1724-z},
	url          = {https://doi.org/10.1038/s41586-019-1724-z}
}
@misc{liquipedia_sc2,
	title        = {{StarCraft - Liquipedia - The StarCraft II Encyclopedia}},
	author       = {},
	year         = 2020,
	month        = jan,
	journal      = {Liquipedia StarCraft 2 Wiki},
	note         = {(Accessed on 07/09/2020)},
	url          = {https://liquipedia.net/starcraft2/StarCraft}
}
@misc{liquipedia_mmr,
	title        = {{Battle.net Leagues - Liquipedia - The StarCraft II Encyclopedia}},
	author       = {},
	year         = 2020,
	month        = jun,
	journal      = {Liquipedia StarCraft 2 Wiki},
	note         = {(Accessed on 07/09/2020)},
	url          = {https://liquipedia.net/starcraft2/Battle.net_Leagues}
}
@misc{liquipedia_fog,
	title        = {{Fog of War - Liquipedia - The StarCraft II Encyclopedia}},
	author       = {},
	year         = 2013,
	month        = aug,
	journal      = {Liquipedia StarCraft 2 Wiki},
	note         = {(Accessed on 07/09/2020)},
	url          = {https://liquipedia.net/starcraft2/Fog_of_War}
}
@misc{sc2_vod,
	title        = {{StarCraft 2 - Clem Stream 22.03.20/03.22.20 ESL Open Cup \#11 Europe - YouTube}},
	author       = {Brooklyn},
	year         = 2020,
	month        = apr,
	note         = {(Accessed on 07/09/2020)},
url = {https://www.youtube.com/watch?v=DC_v3bWlw0I}
}
@misc{sc2_beacon,
	title        = {{Starcraft 2 - MoveToBeacon - Deep Reinforcement Learning Bot}},
	author       = {danielpal30},
	year         = 2018,
	month        = feb,
	note         = {(Accessed on 07/10/2020)},
	url = {https://www.youtube.com/watch?v=m2pC9md0ixY}
}
@misc{sc2_minerals,
	title        = {{CollectMineralShards (Deep Reinforcement Learning)}},
	author       = {Cheng, Steven},
	year         = 2019,
	month        = feb,
	note         = {(Accessed on 07/10/2020)},
	url = {https://www.youtube.com/watch?v=f9TdNr2ldvk}
}
@misc{sc2_zergling,
	title        = {{FindAndDefeatZerglings (Deep Reinforcement Learning)}},
	author       = {Cheng, Steven},
	year         = 2019,
	month        = feb,
	note         = {(Accessed on 07/10/2020)},
	url = {https://www.youtube.com/watch?v=mJq-JzD_kGM}
}
@misc{MajorTou70:online,
	title        = {{Major Tournaments - Liquipedia - The StarCraft II Encyclopedia}},
	author       = {},
	year         = 2019,
	month        = dec,
	note         = {(Accessed on 07/16/2020)},
	url = {https://liquipedia.net/starcraft2/Major_Tournaments}
}
@misc{Starcraf92:online,
	title        = {{Starcraft 2 - Exclusive interview with lead designer Dustin Browder}},
	author       = {Graf, Michael},
	year         = 2010,
	month        = mar,
	note         = {(Accessed on 07/16/2020)},
		url = {https://www.gamestar.de/artikel/starcraft-2-exclusive-interview-with-lead-designer-dustin-browder,2313674.html}
}
%%%%%%%%%%%%%%%%%								%%%%%%%%%%%%%%%%%
%%%%%%%%%%%%%%%%%		DOTA START	%%%%%%%%%%%%%%%%%
%%%%%%%%%%%%%%%%%								%%%%%%%%%%%%%%%%%
@misc{valve_about,
	title        = {{About Us - Valve Corporation}},
	author       = {},
	year         = {},
	month        = {},
	note         = {(Accessed on 07/10/2020)},
	url = {https://www.valvesoftware.com/en/about}
}
@misc{steam_about,
	title        = {{Steam, The Ultimate Online Game Platform}},
	author       = {},
	year         = {},
	month        = {},
	note         = {(Accessed on 07/10/2020)},
	url = {https://store.steampowered.com/about}
}
@misc{steam_charts_dota,
	title        = {{Dota 2 - Steam Charts}},
	author       = {Steam},
	year         = 2020,
	month        = jul,
	note         = {(Accessed on 07/10/2020)},
	url = {https://steamcharts.com/app/570}
}
@misc{dota2_main,
	title        = {{Dota 2 - Dota 2 Wiki}},
	author       = {},
	year         = 2019,
	month        = dec,
	note         = {(Accessed on 07/10/2020)},
	url = {https://dota2.gamepedia.com/Dota_2}
}
@misc{dota2_lcreeps,
	title        = {{Lane creeps - Dota 2 Wiki}},
	author       = {},
	year         = 2020,
	month        = jun,
	note         = {(Accessed on 07/10/2020)},
	url = {https://dota2.gamepedia.com/Lane_creeps}
}
@misc{dota2_ncreeps,
	title        = {{Neutral creeps - Dota 2 Wiki}},
	author       = {},
	year         = 2020,
	month        = jun,
	note         = {(Accessed on 07/10/2020)},
	url = {https://dota2.gamepedia.com/Neutral_creeps}
}
@misc{dota2_gold,
	title        = {{Gold - Dota 2 Wiki}},
	author       = {},
	year         = 2020,
	month        = jun,
	note         = {(Accessed on 07/10/2020)},
	url = {https://dota2.gamepedia.com/Gold}
}
@misc{dota2_heroes,
	title        = {{Hero introductions - Dota 2 Wiki}},
	author       = {},
	year         = 2019,
	month        = dec,
	note         = {(Accessed on 07/10/2020)},
	url = {https://dota2.gamepedia.com/Heroes/Introductions}
}
@misc{OpenAI_dota,
	title        = {{OpenAI Five}},
	author       = {OpenAI},
	year         = 2018,
	note         = {(Accessed on 07/10/2020)},
	url = {https://blog.openai.com/openai-five}
}
@misc{OpenAI_dota_2,
	title        = {{The International 2018: Results}},
	author       = {OpenAI},
	year         = 2018,
	note         = {(Accessed on 07/10/2020)},
	url = {https://openai.com/blog/the-international-2018-results}
}
@article{2019arXiv191206680O,
	title        = {{Dota 2 with Large Scale Deep Reinforcement Learning}},
	author       = {{OpenAI} and {:} and {Berner}, Christopher and {Brockman}, Greg and {Chan}, Brooke and {Cheung}, Vicki and {D{\k{e}}biak}, Przemys{\l}aw and {Dennison}, Christy and {Farhi}, David and {Fischer}, Quirin and {Hashme}, Shariq and {Hesse}, Chris and {J{\'o}zefowicz}, Rafal and {Gray}, Scott and {Olsson}, Catherine and {Pachocki}, Jakub and {Petrov}, Michael and {Pond{\'e} de Oliveira Pinto}, Henrique and {Raiman}, Jonathan and {Salimans}, Tim and {Schlatter}, Jeremy and {Schneider}, Jonas and {Sidor}, Szymon and {Sutskever}, Ilya and {Tang}, Jie and {Wolski}, Filip and {Zhang}, Susan},
	year         = 2019,
	month        = dec,
	journal      = {arXiv e-prints},
	pages        = {arXiv:1912.06680},
	keywords     = {Computer Science - Machine Learning, Statistics - Machine Learning},
	eid          = {arXiv:1912.06680},
	archiveprefix = {arXiv},
	eprint       = {1912.06680},
	primaryclass = {cs.LG},
	adsurl       = {https://ui.adsabs.harvard.edu/abs/2019arXiv191206680O},
	adsnote      = {Provided by the SAO/NASA Astrophysics Data System}
}
@article{2017arXiv170706347S,
	title        = {{Proximal Policy Optimization Algorithms}},
	author       = {{Schulman}, John and {Wolski}, Filip and {Dhariwal}, Prafulla and {Radford}, Alec and {Klimov}, Oleg},
	year         = 2017,
	month        = jul,
	journal      = {arXiv e-prints},
	pages        = {arXiv:1707.06347},
	keywords     = {Computer Science - Machine Learning},
	eid          = {arXiv:1707.06347},
	archiveprefix = {arXiv},
	eprint       = {1707.06347},
	primaryclass = {cs.LG},
	adsurl       = {https://ui.adsabs.harvard.edu/abs/2017arXiv170706347S},
	adsnote      = {Provided by the SAO/NASA Astrophysics Data System}
}
@article{10.1162/neco.1997.9.8.1735,
	title        = {Long Short-Term Memory},
	author       = {Hochreiter, Sepp and Schmidhuber, J\"{u}rgen},
	year         = 1997,
	month        = nov,
	journal      = {Neural Comput.},
	publisher    = {MIT Press},
	address      = {Cambridge, MA, USA},
	volume       = 9,
	number       = 8,
	pages        = {1735–1780},
	doi          = {10.1162/neco.1997.9.8.1735},
	issn         = {0899-7667},
	url          = {https://doi.org/10.1162/neco.1997.9.8.1735},
	issue_date   = {November 15, 1997},
	numpages     = 46
}
@misc{SummonsD34:online,
	title        = {{Summons - Dota 2 Wiki}},
	author       = {},
	year         = 2020,
	month        = may,
	note         = {(Accessed on 07/11/2020)},
	url = {https://dota2.gamepedia.com/Summons}
}
@misc{Illusion51:online,
	title        = {{Illusions - Dota 2 Wiki}},
	author       = {},
	year         = 2020,
	month        = jul,
	note         = {(Accessed on 07/11/2020)},
	url = {https://dota2.gamepedia.com/Illusions}
}
@incollection{NIPS2006_3079,
	title        = {{TrueSkill\texttrademark : A Bayesian Skill Rating System}},
	author       = {Ralf Herbrich and Minka, Tom and Graepel, Thore},
	year         = 2007,
	booktitle    = {Advances in Neural Information Processing Systems 19},
	publisher    = {MIT Press},
	pages        = {569--576},
	url          = {http://papers.nips.cc/paper/3079-trueskilltm-a-bayesian-skill-rating-system.pdf},
	editor       = {B. Sch\"{o}lkopf and J. C. Platt and T. Hoffman}
}
@misc{AboutOpe97:online,
	title        = {{About OpenAI}},
	author       = {},
	year         = 2019,
	month        = {},
	note         = {(Accessed on 07/11/2020)},
	url = {https://openai.com/about/}
}
@misc{GameMode51:online,
	title        = {{Game Modes - Liquipedia Dota 2 Wiki}},
	author       = {},
	year         = 2020,
	month        = jul,
	note         = {(Accessed on 07/11/2020)},
	url = {https://liquipedia.net/dota2/Game_Modes/}
}
@misc{HeroRole89:online,
	title        = {{Hero Roles - Liquipedia Dota 2 Wiki}},
	author       = {},
	year         = 2020,
	month        = apr,
	note         = {(Accessed on 07/11/2020)},
	url = {https://liquipedia.net/dota2/Hero_Roles/}
}
@misc{RoshanDo87:online,
	title        = {{Roshan - Dota 2 Wiki}},
	author       = {},
	year         = 2020,
	month        = jun,
	note         = {(Accessed on 07/11/2020)},
	url = {https://dota2.gamepedia.com/Roshan/}
}
@misc{MapDota250:online,
	title        = {{Map - Dota 2 Wiki}},
	author       = {},
	year         = 2020,
	month        = jun,
	note         = {(Accessed on 07/11/2020)},
	url = {https://dota2.gamepedia.com/Map/}
}
@misc{MoreonDo74:online,
	title        = {{More on Dota 2}},
	author       = {OpenAI},
	year         = 2017,
	month        = aug,
	note         = {(Accessed on 07/11/2020)},
	url = {https://openai.com/blog/more-on-dota-2/}
}
%%%%%%%%%%%%%%%%%								%%%%%%%%%%%%%%%%%
%%%%%%%%%%%%%%%%%		LoL START		%%%%%%%%%%%%%%%%%
%%%%%%%%%%%%%%%%%								%%%%%%%%%%%%%%%%%
@misc{NewToLea59:online,
	title        = {{New To League/Welcome - Leaguepedia | League of Legends Esports Wiki}},
	author       = {},
	year         = 2019,
	month        = nov,
	note         = {(Accessed on 07/12/2020)},
	url = {https://lol.gamepedia.com/New_To_League/Welcome2/}
}
@misc{JoinUsOc5:online,
	title        = {{Join Us Oct. 15th to Celebrate 10 Years of League - League of Legends}},
	author       = {Riot Cactopus},
	year         = 2019,
	month        = sep,
	note         = {(Accessed on 07/12/2020)},
	url = {https://na.leagueoflegends.com/en-us/news/riot-games/join-us-oct-15th-to-celebrate-10-years-of-league/}
}
@misc{NewToLea79:online,
	title        = {{New To League/Gameplay - Leaguepedia | League of Legends Esports Wiki}},
	author       = {},
	year         = 2019,
	month        = nov,
	note         = {(Accessed on 07/12/2020)},
	url = {https://lol.gamepedia.com/New_To_League/Gameplay/}
}
@misc{NewToLea66:online,
	title        = {{New To League/Gameplay/Champ Select - Leaguepedia | League of Legends Esports Wiki}},
	author       = {},
	year         = 2019,
	month        = nov,
	note         = {(Accessed on 07/12/2020)},
	url = {https://lol.gamepedia.com/New_To_League/Gameplay/Champ_Select/}
}
@misc{Challeng53:online,
	title        = {{Challenger Coaching D2 Mid Main | Positioning \& Aggression - League of Legends - YouTube}},
	author       = {PekinWoof},
	year         = 2019,
	month        = nov,
	note         = {(Accessed on 07/12/2020)},
	url = {https://www.youtube.com/watch?v=ALEl_mFyJIk/}
}
@misc{TheStory90:online,
	title        = {{The Story of Kkoma - YouTube}},
	author       = {theScore esports},
	year         = 2019,
	month        = may,
	note         = {(Accessed on 07/12/2020)},
	url = {https://www.youtube.com/watch?v=gBbIedf-4EU/}
}
@misc{PremierT40:online,
	title        = {{Premier Tournaments - Liquipedia League of Legends Wiki}},
	author       = {},
	year         = 2020,
	month        = feb,
	note         = {(Accessed on 07/16/2020)},
	url = {https://liquipedia.net/leagueoflegends/Premier_Tournaments/}
}

@misc{LeagueClient,
  author = {{Riot Games}},
  title = {{League of Legends (version 10.15.329.6941) [Computer software]}},
  year  = {2020},
	note         = {(Accessed on 07/25/2020)},
	url = {https://signup.euw.leagueoflegends.com/de/signup/redownload}
}
%%%%%%%%%%%%%%%%%								%%%%%%%%%%%%%%%%%
%%%%%%%%%%%%%%%%%	Further Games	%%%%%%%%%%%%%%%%%
%%%%%%%%%%%%%%%%%			START			%%%%%%%%%%%%%%%%%
@misc{FortniteTweet,
	title        = {{Over 12.3 million concurrent players participated live in Travis Scott's Astronomical, an all-time record! Catch an encore performance before the tour ends:}},
	author       = {Fortnite},
	year         = 2020,
	month        = apr,
	note         = {(Accessed on 07/12/2020)},
	nameaddon    = {FortniteGame},
	url = {https://twitter.com/FortniteGame/status/1253524351376330752/}
}
@misc{EpicGame39:online,
	title        = {{Epic Games | About}},
	author       = {Epic Games, Inc.},
	year         = {},
	month        = {},
	note         = {(Accessed on 07/12/2020)},
	url = {https://www.epicgames.com/site/en-US/about/}
	}
@misc{BattleRo48:online,
	title        = {{Battle Royale - Fortnite Wiki}},
	author       = {},
	year         = 2020,
	month        = jul,
	note         = {(Accessed on 07/12/2020)},
	url = {https://fortnite.gamepedia.com/Battle_Royale/}
}
@misc{GuideBat52:online,
	title        = {{Guide:Battle Royale Basics - Fortnite Wiki}},
	author       = {},
	year         = 2020,
	month        = may,
	note         = {(Accessed on 07/12/2020)},
	url = {https://fortnite.gamepedia.com/Guide:Battle_Royale_Basics/}
}
@misc{CounterS89:online,
	title        = {{Counter-Strike: Global Offensive - Steam Charts}},
	author       = {Steam},
	year         = 2020,
	month        = jul,
	note         = {(Accessed on 07/12/2020)},
	url = {https://steamcharts.com/app/730/}
}
@misc{CounterS4:online,
	title        = {{Counter-Strike: Global Offensive » About}},
	author       = {Valve Corporation},
	year         = {},
	month        = {},
	note         = {(Accessed on 07/12/2020)},
	url = {https://blog.counter-strike.net/index.php/about/}
}
@misc{CSGOMajo61:online,
	title        = {{CS:GO Major Championships - Liquipedia Counter-Strike Wiki}},
	author       = {},
	year         = 2020,
	month        = apr,
	note         = {(Accessed on 07/12/2020)},
	url = {https://liquipedia.net/counterstrike/Majors/}
}
%%%%%%%%%%%%%%%%%								%%%%%%%%%%%%%%%%%
%%%%%%%%%%%%%%%%%	Abstract Met	%%%%%%%%%%%%%%%%%
%%%%%%%%%%%%%%%%%								%%%%%%%%%%%%%%%%%
@inproceedings{5967363,
	title        = {Protecting against evaluation overfitting in empirical reinforcement learning},
	author       = {S. {Whiteson} and B. {Tanner} and M. E. {Taylor} and P. {Stone}},
	year         = 2011,
	booktitle    = {2011 IEEE Symposium on Adaptive Dynamic Programming and Reinforcement Learning (ADPRL)},
	volume       = {},
	number       = {},
	pages        = {120--127}
}
@article{2012arXiv1207.4708B,
	title        = {{The Arcade Learning Environment: An Evaluation Platform for General Agents}},
	author       = {{Bellemare}, Marc G. and {Naddaf}, Yavar and {Veness}, Joel and {Bowling}, Michael},
	year         = 2012,
	month        = jul,
	journal      = {arXiv e-prints},
	pages        = {arXiv:1207.4708},
	keywords     = {Computer Science - Artificial Intelligence},
	eid          = {arXiv:1207.4708},
	archiveprefix = {arXiv},
	eprint       = {1207.4708},
	primaryclass = {cs.AI},
	adsurl       = {https://ui.adsabs.harvard.edu/abs/2012arXiv1207.4708B},
	adsnote      = {Provided by the SAO/NASA Astrophysics Data System}
}
@inproceedings{AAAI125162,
  title={Investigating Contingency Awareness Using Atari 2600 Games},
  author={Marc G. Bellemare and Joel Veness and Michael Bowling},
  booktitle={AAAI},
  year={2012}
}
@misc{MsPacMan87:online,
	title        = {{Ms. Pac-Man (game) | Pac-Man Wiki | Fandom}},
	author       = {},
	year         = 2020,
	month        = apr,
	note         = {(Accessed on 07/14/2020)},
	url = {https://pacman.fandom.com/wiki/Ms._Pac-Man_(game)}
}
@misc{FishingD32:online,
	title        = {{Fishing Derby | Video Game History Wiki | Fandom}},
	author       = {},
	year         = 2009,
	month        = oct,
	note         = {(Accessed on 07/14/2020)},
	url = {https://videogamehistory.fandom.com/wiki/Fishing_Derby}
}
@misc{1606.01540,
	title        = {{OpenAI Gym}},
	author       = {Greg Brockman and Vicki Cheung and Ludwig Pettersson and Jonas Schneider and John Schulman and Jie Tang and Wojciech Zaremba},
	year         = 2016,
	eprint       = {arXiv:1606.01540}
}
@article{LeCun2015,
	title        = {Deep learning},
	author       = {Yann LeCun and Yoshua Bengio and Geoffrey Hinton},
	year         = 2015,
	month        = may,
	journal      = {Nature},
	publisher    = {Springer Science and Business Media {LLC}},
	volume       = 521,
	number       = 7553,
	pages        = {436--444},
	doi          = {10.1038/nature14539},
	url          = {https://doi.org/10.1038/nature14539}
}
@article{2017arXiv171206560C,
	title        = {{Improving Exploration in Evolution Strategies for Deep Reinforcement Learning via a Population of Novelty-Seeking Agents}},
	author       = {{Conti}, Edoardo and {Madhavan}, Vashisht and {Petroski Such}, Felipe and {Lehman}, Joel and {Stanley}, Kenneth O. and {Clune}, Jeff},
	year         = 2017,
	month        = dec,
	journal      = {arXiv e-prints},
	pages        = {arXiv:1712.06560},
	keywords     = {Computer Science - Artificial Intelligence},
	eid          = {arXiv:1712.06560},
	archiveprefix = {arXiv},
	eprint       = {1712.06560},
	primaryclass = {cs.AI},
	adsurl       = {https://ui.adsabs.harvard.edu/abs/2017arXiv171206560C},
	adsnote      = {Provided by the SAO/NASA Astrophysics Data System}
}
@article{2018arXiv181207069P,
	title        = {{An Atari Model Zoo for Analyzing, Visualizing, and Comparing Deep Reinforcement Learning Agents}},
	author       = {{Petroski Such}, Felipe and {Madhavan}, Vashisht and {Liu}, Rosanne and {Wang}, Rui and {Castro}, Pablo Samuel and {Li}, Yulun and {Zhi}, Jiale and {Schubert}, Ludwig and {Bellemare}, Marc G. and {Clune}, Jeff and {Lehman}, Joel},
	year         = 2018,
	month        = dec,
	journal      = {arXiv e-prints},
	pages        = {arXiv:1812.07069},
	keywords     = {Computer Science - Neural and Evolutionary Computing},
	eid          = {arXiv:1812.07069},
	archiveprefix = {arXiv},
	eprint       = {1812.07069},
	primaryclass = {cs.NE},
	adsurl       = {https://ui.adsabs.harvard.edu/abs/2018arXiv181207069P},
	adsnote      = {Provided by the SAO/NASA Astrophysics Data System}
}
@article{thrun1992role,
  title={The role of exploration in learning control},
  author={Thrun, Sebastian B},
  year={1992},
  publisher={Citeseer}
}