@misc{Diagrams86:online,
author = {},
title = {Diagrams and Notations - Sudopedia Mirror},
howpublished = {\url{http://sudopedia.enjoysudoku.com/Diagrams_and_Notations.html}},
month = {Nov},
year = {2008},
note = {(Accessed on 12/20/2020)}
}

@misc{SolvingS57:online,
author = {Angus Johnson},
title = {Solving Sudoku},
howpublished = {\url{http://www.angusj.com/sudoku/hints.php}},
month = {},
year = {2005},
note = {(Accessed on 12/20/2020)}
}

@misc{SudokuLo64:online,
author = {},
title = {Sudoku - Lone Singles},
howpublished = {\url{https://www.learn-sudoku.com/lone-singles.html}},
month = {},
year = {},
note = {(Accessed on 02/27/2021)}
}

@misc{NakedPai2:online,
author = {},
title = {Naked Pair - Sudopedia Mirror},
howpublished = {\url{http://sudopedia.enjoysudoku.com/Naked_Pair.html}},
month = {June},
year = {2007},
note = {(Accessed on 12/22/2020)}
}

@misc{HowtoSol27:online,
author = {},
title = {How to Solve Sudoku - Crosshatching :: Sudoku Garden},
howpublished = {\url{https://sudokugarden.de/en/solve/crosshatching}},
month = {},
year = {},
note = {(Accessed on 02/27/2021)}
}

@misc{SudokuHi85:online,
author = {},
title = {Sudoku - Hidden Pairs},
howpublished = {\url{https://www.learn-sudoku.com/hidden-pairs.html}},
month = {},
year = {2008},
note = {(Accessed on 12/22/2020)}
}

@misc{SudokuSk81:online,
author = {Walter Bislin},
title = {Sudoku: Skyscraper},
howpublished = {\url{http://walter.bislins.ch/projekte/index.asp?page=Sudoku%3A+Skyscraper}},
month = {July},
year = {2015},
note = {(Accessed on 12/22/2020)}
}

@misc{SudokuXW66:online,
author = {},
title = {Sudoku - X Wing},
howpublished = {\url{https://www.learn-sudoku.com/x-wing.html}},
month = {},
year = {},
note = {(Accessed on 02/27/2021)}
}

@misc{SudokuXY59:online,
author = {},
title = {Sudoku - XY Wing},
howpublished = {\url{https://www.learn-sudoku.com/xy-wing.html}},
month = {},
year = {},
note = {(Accessed on 02/27/2021)}
}

@misc{Sudoku2S39:online,
author = {},
title = {Sudoku: 2-String Kite},
howpublished = {\url{http://walter.bislins.ch/projekte/index.asp?page=Sudoku%3A+2%2DString+Kite}},
month = {},
year = {},
note = {(Accessed on 02/27/2021)}
}

@misc{AHRSudok73:online,
author = {},
title = {AHR Sudoku - 2-String Kite},
howpublished = {\url{http://www.ahr-sudoku.de/solving.php/technic/2-String%20Kite}},
month = {},
year = {},
note = {(Accessed on 02/27/2021)}
}


@misc{XYZWingR68:online,
author = {Rätselbüro Martin Simon},
title = {XYZ-Wing - Rätselagentur Simon},
howpublished = {\url{https://www.thinkgym.de/r%C3%A4tselarten/sudoku/l%C3%B6sungsstrategien-3/xyz-wing/}},
month = {},
year = {2019},
note = {(Accessed on 12/23/2020)}
}

@misc{ExpertSu16:online,
author = {Cracking The Cryptic},
title = {Expert Sudoku: The Basic Techniques Used By Champions - YouTube},
howpublished = {\url{https://www.youtube.com/watch?v=teOXgjSK7vA}},
month = {March},
year = {2019},
note = {(Accessed on 12/24/2020)}
}

@misc{WWingSud29:online,
author = {},
title = {W-Wing - Sudopedia Mirror},
howpublished = {\url{http://sudopedia.enjoysudoku.com/W-Wing.html}},
month = {April},
year = {2009},
note = {(Accessed on 12/24/2020)}
}

@misc{SudokuTr32:online,
author = {Cracking The Cryptic},
title = {Sudoku Tricks: The Swordfish Pattern - YouTube},
howpublished = {\url{https://www.youtube.com/watch?v=MSekULcyUwM}},
month = {March},
year = {2019},
note = {(Accessed on 12/24/2020)}
}

@misc{XChainSu93:online,
author = {},
title = {X-Chain - Sudopedia Mirror},
howpublished = {\url{http://sudopedia.enjoysudoku.com/X-Chain.html}},
month = {July},
year = {2007},
note = {(Accessed on 12/25/2020)}
}

@misc{SudokuXY13:online,
author = {Walter Bislin},
title = {Sudoku: XY-Chain},
howpublished = {\url{http://walter.bislins.ch/projekte/index.asp?page=Sudoku%3A+XY%2DChain}},
month = {Dec},
year = {2015},
note = {(Accessed on 12/25/2020)}
}